%%%%%%%%%%%%%%%%%%%
%% IEEE Journals %%
%%%%%%%%%%%%%%%%%%%


% aerospace and military
@STRING{IEEE_J_AES        = "{IEEE} Transactions on Aerospace and Electronic Systems"}
@STRING{IEEE_J_ANE        = "{IEEE} Transactions on Aerospace and Navigational Electronics"}
@STRING{IEEE_J_ANNE       = "{IEEE} Transactions on Aeronautical and Navigational Electronics"}
@STRING{IEEE_J_AS         = "{IEEE} Transactions on Aerospace"}
@STRING{IEEE_J_AIRE       = "{IEEE} Transactions on Airborne Electronics"}
@STRING{IEEE_J_MIL        = "{IEEE} Transactions on Military Electronics"}



% autos, transportation and vehicles (non-aerospace)
@STRING{IEEE_J_ITS        = "{IEEE} Transactions on Intelligent Transportation Systems"}
@STRING{IEEE_J_VT         = "{IEEE} Transactions on Vehicular Technology"}
@STRING{IEEE_J_VC         = "{IEEE} Transactions on Vehicular Communications"}



% circuits, signals, systems, audio and controls
@STRING{IEEE_J_SPL        = "{IEEE} Signal Processing Letters"}
@STRING{IEEE_J_ASSP       = "{IEEE} Transactions on Acoustics, Speech, and Signal Processing"}
@STRING{IEEE_J_AU         = "{IEEE} Transactions on Audio"}
@STRING{IEEE_J_AUEA       = "{IEEE} Transactions on Audio and Electroacoustics"}
@STRING{IEEE_J_AC         = "{IEEE} Transactions on Automatic Control"}
@STRING{IEEE_J_CAS        = "{IEEE} Transactions on Circuits and Systems"}
@STRING{IEEE_J_CASVT      = "{IEEE} Transactions on Circuits and Systems for Video Technology"}
@STRING{IEEE_J_CASI       = "{IEEE} Transactions on Circuits and Systems---Part {I}: Fundamental Theory and Applications"}
@STRING{IEEE_J_CASII      = "{IEEE} Transactions on Circuits and Systems---Part {II}: Analog and Digital Signal Processing"}
@STRING{IEEE_J_CT         = "{IEEE} Transactions on Circuit Theory"}
@STRING{IEEE_J_CST        = "{IEEE} Transactions on Control Systems Technology"}
@STRING{IEEE_J_SP         = "{IEEE} Transactions on Signal Processing"}
@STRING{IEEE_J_SU         = "{IEEE} Transactions on Sonics and Ultrasonics"}
@STRING{IEEE_J_SAP        = "{IEEE} Transactions on Speech and Audio Processing"}
@STRING{IEEE_J_UE         = "{IEEE} Transactions on Ultrasonics Engineering"}
@STRING{IEEE_J_UFFC       = "{IEEE} Transactions on Ultrasonics, Ferroelectrics, and Frequency Control"}
@STRING{IEEE_J_STSP         = "{IEEE} Journal of Selected Topics in Signal Processing"}



% communications
@STRING{IEEE_J_COML       = "{IEEE} Communications Letters"}
@STRING{IEEE_J_JSAC       = "{IEEE} Journal on Selected Areas in Communications"}
@STRING{IEEE_J_COM        = "{IEEE} Transactions on Communications"}
@STRING{IEEE_J_COMT       = "{IEEE} Transactions on Communication Technology"}
@STRING{IEEE_J_WCOM       = "{IEEE} Transactions on Wireless Communications"}



% components, packaging and manufacturing
@STRING{IEEE_J_ADVP       = "{IEEE} Transactions on Advanced Packaging"}
@STRING{IEEE_J_CHMT       = "{IEEE} Transactions on Components, Hybrids and Manufacturing Technology"}
@STRING{IEEE_J_CPMTA      = "{IEEE} Transactions on Components, Packaging and Manufacturing Technology---Part {A}"}
@STRING{IEEE_J_CPMTB      = "{IEEE} Transactions on Components, Packaging and Manufacturing Technology---Part {B}: Advanced Packaging"}
@STRING{IEEE_J_CPMTC      = "{IEEE} Transactions on Components, Packaging and Manufacturing Technology---Part {C}: Manufacturing"}
@STRING{IEEE_J_CAPT       = "{IEEE} Transactions on Components and Packaging Technology"}
@STRING{IEEE_J_CAPTS      = "{IEEE} Transactions on Components and Packaging Technologies"}
@STRING{IEEE_J_CPART      = "{IEEE} Transactions on Component Parts"}
@STRING{IEEE_J_EPM        = "{IEEE} Transactions on Electronics Packaging Manufacturing"}
@STRING{IEEE_J_MFT        = "{IEEE} Transactions on Manufacturing Technology"}
@STRING{IEEE_J_PHP        = "{IEEE} Transactions on Parts, Hybrids and Packaging"}
@STRING{IEEE_J_PMP        = "{IEEE} Transactions on Parts, Materials and Packaging"}



% CAD
@STRING{IEEE_J_TCAD       = "{IEEE} Journal on Technology in Computer Aided Design"}
@STRING{IEEE_J_CAD        = "{IEEE} Transactions on Computer-Aided Design of Integrated Circuits and Systems"}



% coding, data, information, knowledge
@STRING{IEEE_J_IT         = "{IEEE} Transactions on Information Theory"}
@STRING{IEEE_J_KDE        = "{IEEE} Transactions on Knowledge and Data Engineering"}



% computers, computation, networking and software
@STRING{IEEE_J_C          = "{IEEE} Transactions on Computers"}
@STRING{IEEE_J_ECOMP      = "{IEEE} Transactions on Electronic Computers"}
@STRING{IEEE_J_EVC        = "{IEEE} Transactions on Evolutionary Computation"}
@STRING{IEEE_J_FUZZ       = "{IEEE} Transactions on Fuzzy Systems"}
@STRING{IEEE_J_MC         = "{IEEE} Transactions on Mobile Computing"}
@STRING{IEEE_J_NET        = "{IEEE/ACM} Transactions on Networking"}
@STRING{IEEE_J_NN         = "{IEEE} Transactions on Neural Networks"}
@STRING{IEEE_J_PDS        = "{IEEE} Transactions on Parallel and Distributed Systems"}
@STRING{IEEE_J_SE         = "{IEEE} Transactions on Software Engineering"}



% computer graphics, imaging, and multimedia
@STRING{IEEE_J_IP         = "{IEEE} Transactions on Image Processing"}
@STRING{IEEE_J_MM         = "{IEEE} Transactions on Multimedia"}
@STRING{IEEE_J_VCG        = "{IEEE} Transactions on Visualization and Computer Graphics"}



% cybernetics, ergonomics, robots, man-machine, and automation
@STRING{IEEE_J_JRA        = "{IEEE} Journal of Robotics and Automation"}
@STRING{IEEE_J_HFE        = "{IEEE} Transactions on Human Factors in Electronics"}
@STRING{IEEE_J_MMS        = "{IEEE} Transactions on Man-Machine Systems"}
@STRING{IEEE_J_PAMI       = "{IEEE} Transactions on Pattern Analysis and Machine Intelligence"}
@STRING{IEEE_J_RA         = "{IEEE} Transactions on Robotics and Automation"}
@STRING{IEEE_J_SMC        = "{IEEE} Transactions on Systems, Man, and Cybernetics"}
@STRING{IEEE_J_SMCA       = "{IEEE} Transactions on Systems, Man, and Cybernetics---Part {A}: Systems and Humans"}
@STRING{IEEE_J_SMCB       = "{IEEE} Transactions on Systems, Man, and Cybernetics---Part {B}: Cybernetics"}
@STRING{IEEE_J_SMCC       = "{IEEE} Transactions on Systems, Man, and Cybernetics---Part {C}: Applications and Reviews"}
@STRING{IEEE_J_SSC        = "{IEEE} Transactions on Systems Science and Cybernetics"}



% earth, wind, fire and water
@STRING{IEEE_J_GE         = "{IEEE} Transactions on Geoscience Electronics"}
@STRING{IEEE_J_GRS        = "{IEEE} Transactions on Geoscience and Remote Sensing"}
@STRING{IEEE_J_OE         = "{IEEE} Journal of Oceanic Engineering"}



% education, engineering, history, IEEE, professional
@STRING{IEEE_J_CJECE      = "Canadian Journal of Electrical and Computer Engineering"}
@STRING{IEEE_J_PROC       = "Proceedings of the {IEEE}"}
@STRING{IEEE_J_EDU        = "{IEEE} Transactions on Education"}
@STRING{IEEE_J_EM         = "{IEEE} Transactions on Engineering Management"}
@STRING{IEEE_J_EWS        = "{IEEE} Transactions on Engineering Writing and Speech"}
@STRING{IEEE_J_PC         = "{IEEE} Transactions on Professional Communication"}



% electromagnetics, antennas, EMI, magnetics and microwave
@STRING{IEEE_J_AWPL       = "{IEEE} Antennas and Wireless Propagation Letters"}
@STRING{IEEE_J_MGWL       = "{IEEE} Microwave and Guided Wave Letters"}
@STRING{IEEE_J_MWCL       = "{IEEE} Microwave and Wireless Components Letters"}
@STRING{IEEE_J_AP         = "{IEEE} Transactions on Antennas and Propagation"}
@STRING{IEEE_J_EMC        = "{IEEE} Transactions on Electromagnetic Compatibility"}
@STRING{IEEE_J_MAG        = "{IEEE} Transactions on Magnetics"}
@STRING{IEEE_J_MTT        = "{IEEE} Transactions on Microwave Theory and Techniques"}
@STRING{IEEE_J_RFI        = "{IEEE} Transactions on Radio Frequency Interference"}
@STRING{IEEE_J_TJMJ       = "{IEEE} Translation Journal on Magnetics in Japan"}



% energy and power
@STRING{IEEE_J_EC         = "{IEEE} Transactions on Energy Conversion"}
@STRING{IEEE_J_PWRAS      = "{IEEE} Transactions on Power Apparatus and Systems"}
@STRING{IEEE_J_PWRD       = "{IEEE} Transactions on Power Delivery"}
@STRING{IEEE_J_PWRE       = "{IEEE} Transactions on Power Electronics"}
@STRING{IEEE_J_PWRS       = "{IEEE} Transactions on Power Systems"}



% industrial, commercial and consumer
@STRING{IEEE_J_APPIND     = "{IEEE} Transactions on Applications and Industry"}
@STRING{IEEE_J_BC         = "{IEEE} Transactions on Broadcasting"}
@STRING{IEEE_J_BCTV       = "{IEEE} Transactions on Broadcast and Television Receivers"}
@STRING{IEEE_J_CE         = "{IEEE} Transactions on Consumer Electronics"}
@STRING{IEEE_J_IE         = "{IEEE} Transactions on Industrial Electronics"}
@STRING{IEEE_J_IECI       = "{IEEE} Transactions on Industrial Electronics and Control Instrumentation"}
@STRING{IEEE_J_IA         = "{IEEE} Transactions on Industry Applications"}
@STRING{IEEE_J_IGA        = "{IEEE} Transactions on Industry and General Applications"}



% instrumentation and measurement
@STRING{IEEE_J_IM         = "{IEEE} Transactions on Instrumentation and Measurement"}



% insulation and materials
@STRING{IEEE_J_JEM        = "{IEEE/TMS} Journal of Electronic Materials"}
@STRING{IEEE_J_DEI        = "{IEEE} Transactions on Dielectrics and Electrical Insulation"}
@STRING{IEEE_J_EI         = "{IEEE} Transactions on Electrical Insulation"}



% mechanical
@STRING{IEEE_J_MECH       = "{IEEE/ASME} Transactions on Mechatronics"}
@STRING{IEEE_J_MEMS       = "{IEEE/ASME} Journal of Microelectromechanical Systems"}



% medical and biological
@STRING{IEEE_J_BME        = "{IEEE} Transactions on Biomedical Engineering"}
% Note: The B-ME journal later dropped the hyphen and became the BME.
@STRING{IEEE_J_B-ME       = "{IEEE} Transactions on Bio-Medical Engineering"}
@STRING{IEEE_J_BMELC      = "{IEEE} Transactions on Bio-Medical Electronics"}
@STRING{IEEE_J_ITBM       = "{IEEE} Transactions on Information Technology in Biomedicine"}
@STRING{IEEE_J_ME         = "{IEEE} Transactions on Medical Electronics"}
@STRING{IEEE_J_MI         = "{IEEE} Transactions on Medical Imaging"}
@STRING{IEEE_J_MCTE       = "{IEEE} Transactions on Molecular, Cellular and Tissue Engineering"}
@STRING{IEEE_J_NB         = "{IEEE} Transactions on NanoBioscience"}
@STRING{IEEE_J_NSRE       = "{IEEE} Transactions on Neural Systems and Rehabilitation Engineering"}
@STRING{IEEE_J_RE         = "{IEEE} Transactions on Rehabilitation Engineering"}



% optics, lightwave and photonics
@STRING{IEEE_J_PTL        = "{IEEE} Photonics Technology Letters"}
@STRING{IEEE_J_JLT        = "{IEEE/OSA} Journal of Lightwave Technology"}



% physics, electrons, nanotechnology, nuclear and quantum electronics
@STRING{IEEE_J_EDL        = "{IEEE} Electron Device Letters"}
@STRING{IEEE_J_JQE        = "{IEEE} Journal of Quantum Electronics"}
@STRING{IEEE_J_JSTQE      = "{IEEE} Journal of Selected Topics in Quantum Electronics"}
@STRING{IEEE_J_ED         = "{IEEE} Transactions on Electron Devices"}
@STRING{IEEE_J_NANO       = "{IEEE} Transactions on Nanotechnology"}
@STRING{IEEE_J_NS         = "{IEEE} Transactions on Nuclear Science"}
@STRING{IEEE_J_PS         = "{IEEE} Transactions on Plasma Science"}



% reliability
@STRING{IEEE_J_DMR        = "{IEEE} Transactions on Device and Materials Reliability"}
@STRING{IEEE_J_R          = "{IEEE} Transactions on Reliability"}



% semiconductors, superconductors, electrochemical and solid state
@STRING{IEEE_J_ESSL       = "{IEEE/ECS} Electrochemical and Solid-State Letters"}
@STRING{IEEE_J_JSSC       = "{IEEE} Journal of Solid-State Circuits"}
@STRING{IEEE_J_ASC        = "{IEEE} Transactions on Applied Superconductivity"}
@STRING{IEEE_J_SM         = "{IEEE} Transactions on Semiconductor Manufacturing"}



% sensors
@STRING{IEEE_J_SENSOR     = "{IEEE} Sensors Journal"}



% VLSI
@STRING{IEEE_J_VLSI       = "{IEEE} Transactions on Very Large Scale Integration ({VLSI}) Systems"}





%%%%%%%%%%%%%%%%%%%%
%% IEEE Magazines %%
%%%%%%%%%%%%%%%%%%%%


@STRING{IEEE_M_AES        = "{IEEE} Aerospace and Electronics Systems Magazine"}
@STRING{IEEE_M_HIST       = "{IEEE} Annals of the History of Computing"}
@STRING{IEEE_M_AP         = "{IEEE} Antennas and Propagation Magazine"}
@STRING{IEEE_M_ASSP       = "{IEEE} {ASSP} Magazine"}
@STRING{IEEE_M_CD         = "{IEEE} Circuits and Devices Magazine"}
@STRING{IEEE_M_CAS        = "{IEEE} Circuits and Systems Magazine"}
@STRING{IEEE_M_COM        = "{IEEE} Communications Magazine"}
@STRING{IEEE_M_COMSOC     = "{IEEE} Communications Society Magazine"}
% CSEM changed to CSE in 1999
@STRING{IEEE_M_CSE        = "{IEEE} Computing in Science and Engineering"}
@STRING{IEEE_M_CSEM       = "{IEEE} Computational Science and Engineering Magazine"}
@STRING{IEEE_M_C          = "{IEEE} Computer"}
@STRING{IEEE_M_CAP        = "{IEEE} Computer Applications in Power"}
@STRING{IEEE_M_CGA        = "{IEEE} Computer Graphics and Applications"}
@STRING{IEEE_M_CONC       = "{IEEE} Concurrency"}
@STRING{IEEE_M_CS         = "{IEEE} Control Systems Magazine"}
@STRING{IEEE_M_DTC        = "{IEEE} Design and Test of Computers"}
@STRING{IEEE_M_EI         = "{IEEE} Electrical Insulation Magazine"}
@STRING{IEEE_M_EMB        = "{IEEE} Engineering in Medicine and Biology Magazine"}
@STRING{IEEE_M_EMR        = "{IEEE} Engineering Management Review"}
@STRING{IEEE_M_EXP        = "{IEEE} Expert"}
@STRING{IEEE_M_IA         = "{IEEE} Industry Applications Magazine"}
@STRING{IEEE_M_IM         = "{IEEE} Instrumentation and Measurement Magazine"}
@STRING{IEEE_M_IS         = "{IEEE} Intelligent Systems"}
@STRING{IEEE_M_IC         = "{IEEE} Internet Computing"}
@STRING{IEEE_M_ITP        = "{IEEE} {IT} Professional"}
@STRING{IEEE_M_MICRO      = "{IEEE} Micro"}
@STRING{IEEE_M_MW         = "{IEEE} Microwave Magazine"}
@STRING{IEEE_M_MM         = "{IEEE} Multimedia"}
@STRING{IEEE_M_NET        = "{IEEE} Network"}
@STRING{IEEE_M_PCOM       = "{IEEE} Personal Communications Magazine"}
@STRING{IEEE_M_POT        = "{IEEE} Potentials"}
% CAP and PER merged to form PE in 2003
@STRING{IEEE_M_PE         = "{IEEE} Power and Energy Magazine"}
@STRING{IEEE_M_PER        = "{IEEE} Power Engineering Review"}
@STRING{IEEE_M_RA         = "{IEEE} Robotics and Automation Magazine"}
@STRING{IEEE_M_SP         = "{IEEE} Signal Processing Magazine"}
@STRING{IEEE_M_S          = "{IEEE} Software"}
@STRING{IEEE_M_SPECT      = "{IEEE} Spectrum"}
@STRING{IEEE_M_TS         = "{IEEE} Technology and Society Magazine"}
@STRING{IEEE_M_WC         = "{IEEE} Wireless Communications Magazine"}
@STRING{IEEE_M_TODAY      = "Today's Engineer"}
@STRING{IEEE_M_VT         = "{IEEE} Vehicular Technology Magazine"}

@string{ newslit = {IEEE Information Theory Society Newsletter}}
@string{ vts = {IEEE Vehicular Technology Society (VTS) News}}

%%%%% OTHER JOURNALS   %%%%%
@string{ ams = {The Annals of Mathematical Statistics}}
@string{ bstj = {Bell Systems Technical Journal}}
@string{ bltj = {Bell Labs Technical Journal}}
@string{ el = {IEE Electronics Letters}}
@string{ ett = {European Transactions on Telecommunications}}
@string{ evsp = {Signal Processing, Elsevier Publishing Company}}
@string{ evis = {Information Sciences, Elsevier Publishing Company}}
@string{ eurasip = {EURASIP Journal on Applied Signal Processing}}
@string{ eurasipjwcn = {EURASIP Journal on Wireless Communications and Networking}}
@string{ eurasipjasp = {EURASIP Journal on Advances in Signal Processing}}
@string{ ieepr = {IEE Proceedings}}
@string{ ieeprf = {IEE Proceedings -- Communications}}
@string{ ieicetrcom = {IEICE Transactions on Communications}}
@string{ ieicetrfund = {IEICE Transactions on Fundamentals of Electronics, Communications and Computer Sciences}}
@string{ jap = {Journal of Applied Probability}}
@string{ jasa = {Journal of the Acoustical Society of America}}
@string{ jasta = {Journal of the American Statistical Association}}
@string{ jcn = {Journal of Communications and Networks, AIEI Korean Institute of Communication Sciences (KICS)}}
@string{ jcam = {Journal of Computational and Applied Mathematics}}
@string{ jrss = {Journal of Royal Statistical Society}}
@string{ jrssb = {Journal of the Royal Statistical Society -- Series B}}
@string{ jvlsi = {Journal of {VLSI} Signal Processing-Systems for Signal, Image, and Video Technology, Kluwer Academic Publishers}}
@string{ jwin = {International Journal of Wireless Information Networks}}
@string{ siamjco = {SIAM Journal of Control and Optimization}}
@string{ siamjna = {SIAM Journal of Numerical Analysis}}
@string{ siamjam = {SIAM Journal of Applied Mathematics}}
@string{ siamrev = {SIAM Review}}
@string{ siamjma = {SIAM Journal on Matrix Analysis and Applications}}
@string{ siamjsiam = {SIAM Journal of the Society and Industrial and Applied Mathematics}}
@string{ wpc = {Wireless Personal Communications, Kluwer Academic Publishers}}
@string{ wnet = {Wireless Networks, Baltzer Science Publishers}}
@string{ wcmc = {Wireless Communications and Mobile Computing, John Wiley and Sons}}
@string{ ieeprfrs = {IEE Proceedings F}}
@string{ ieeprrsn = {IEE Proceedings -- Radar, Sonar and Navigation}}
@string{ amm = {American Mathematical Monthly}}
@string{ iretrit = {IRE Transactions on Information Theory}}
@string{ irepr = {Proceedings of the IRE}}
@string{ corr = {Computing Research Repository}}
@string{ jspss = {Journal of Signal Processing Systems, Springer}}
