%%%%%   IEEE CONFERENCES   %%%%%

@string{ asap = {Proceedings of the IEEE Application-Specific Systems, Architectures, and Processors}}
@string{ ctmcglob = {Proceedings of the Communication Theory Mini-Conference in conjunction with IEEE Global Telecommunication Conference}}
@string{ canelcom = {Proceedings of the IEEE Canadian Conference on Electrical and Computer Engineering}}
@string{ cic = {Proceedings of the IEEE Custom Integrated Circuits}}
@string{ globecom = {Proceedings of the IEEE Global Telecommunication Conference}}
@string{ icc = {Proceedings of the IEEE International Conference on Communications}}
@string{ iccd = {Proceedings of the IEEE International Conference on Computer Design}}
@string{ icce = {Proceedings of the IEEE International Conference on Consumer Electronics}}
@string{ icecs = {Proceedings of the IEEE International Conference on Electronics, Circuits and Systems}}
@string{ icupc = {Proceedings of the IEEE International Conference on Universal Personal Communications}}
@string{ icassp = {Proceedings of the IEEE International Conference on Acoustics, Speech, and Signal Processing}}
@string{ isit = {Proceedings of the IEEE International Symposium on Information Theory}}
@string{ isita = {Proceedings of the IEEE International Symposium on Information Theory and its Applications}}
@string{ isssta = {Proceedings of the IEEE International Symposium on Spread Spectrum Techniques and Applications}}
@string{ milcom = {Proceedings of the IEEE Military Communications Conference}}
@string{ pacrim = {Proceedings of the IEEE Pacific Rim Conference on Communications, Computers and Signal Processing}}
@string{ pimrc = {Proceedings of the IEEE International Symposium on Personal, Indoor, and Mobile Radio Communications}}
@string{ vtc = {Proceedings of the IEEE Vehicular Technology Conference}}
@string{ iccs_ispacs = {Proceedings of the IEEE International Conference on Communication Systems and IEEE International Workshop on Intelligent Signal Processing \& Communication Systems}}
@string{ wcnc = {Proceedings of the IEEE Wireless Communications and Networking Conference}}
@string{ icpwc = {Proceedings of the IEEE International Conference on Personal Wireless Communications}}
@string{ mwcn = {Proceedings of the IEEE Conference on Mobile and Wireless Networks}}
@string{ spawc = {Proceedings of the IEEE Workshop on Signal Processing Advances in Wireless Communications}}
@string{ sam = {Proceedings of the IEEE Sensor Array and Multichannel Signal Processing Workshop}}
@string{ samos = {Proceedings of the IEEE International Conference on Embedded Computer Systems: Architectures, Modeling and Simulation}}
@string{ soc = {Proceedings of the IEEE International Symposium on System-on-Chip}}
@string{ ssp = {Proceedings of the IEEE Workshop on Statistical Signal Processing}}
@string{ itw = {Proceedings of the IEEE Information Theory Workshop}}
@string{ norsig = {Proceedings of the IEEE Nordic Signal Processing Symposium}}
@string{ iscas = {Proceedings of the IEEE International Symposium on Circuits and Systems}}
@string{ dyspan = {Proceedings of the IEEE International Symposium on Dynamic Spectrum Access Networks}}
@string{ plans = {Proceedings of the IEEE Position Location and Navigation Symposium}}
@string{ cnis = {Proceedings of the IEEE Computer Network Internetional Symposium on}}
@string{ wcs = {Proceedings of the IEEE Wireless Communications Symposium on}}
@string{ icact = {Proceedings of the IEEE International Conference on Advanced Communication Technology}}
@string{ ipsn = {Proceedings of the IEEE International Symposium on Information Processing in Sensor Networks}}
@string{ sips = {Proceedings of the IEEE Workshop on Signal Processing Systems}}
@string{ dais = {Proceedings of the IEEE Workshop on Design, Applications, Integration and Software}}
@string{ vlsi = {Proceedings of the IEEE International Conference on VLSI Design}}
@string{ arith = {Proceedings of the IEEE Symposium on Computer Arithmetic}}
@string{ vlsi-dat = {Proceedings of the IEEE International Symposium on VLSI Design, Automation and Test}}
@string{ issse = {Proceedings of the IEEE International Symposium on Signals, Systems and Electronics}}
@string{ dahvs = {Proceedings of the IEEE International Symposium on Design Automation of High Performance VLSI Systems}}
@string{ fpccm = {Proceedings of the IEEE International Symposium on Field-Programmable Custom Computing Machines}}



%%%%% OTHER CONFERENCES   %%%%%
@string{ allerton = {Proceedings of the Annual Allerton Conference on Communications, Control, and Computing}}
@string{ asilomar = {Proceedings of the Annual Asilomar Conference on Signals, Systems and Computers}}
@string{ acts = {Proceedings of the ACTS Mobile Communications Summit}}
@string{ cases = {Proceedings of the Compilers, Architecture and Synthesis for Embedded Systems}}
@string{ ciss = {Proceedings of the Conference on Information Sciences and Systems}}
@string{ chinacom = {Proceedings of the International Conference on Communications and Networking in China}}
@string{ cost273 = {Proceedings of the {COST} 273 Workshop}}
@string{ date = {Proceedings of the Conference on Design, Automation and Test in Europe}}
@string{ epmcc = {Proceedings of the European Personal Mobile Communications Conference}}
@string{ esscirc = {Proceedins of the ESSCIRC Solid-State Circuits Conference}}
@string{ eusipco = {Proceedings of the  European Signal Processing Conference}}
@string{ ew = {Proceedings of the  European Wireless Conference}}
@string{ finsig = {Proceedings of the Finnish Signal Processing Symposium}}
@string{ fwcw = {Proceedings of the Finnish Wireless Communications Workshop}}
@string{ icii = {Proceedings of the International Conferences on Info-Tech \& Info-Net}}
@string{ iee3g = {Proceedings of the IEE 3G Mobile Communication Technologies}}
@string{ ist = {Proceedings of the IST Mobile \& Wireless Telecommunications Summit}}
@string{ itg = {Proceedings of the ITG Workshop on Smart Antennas}}
@string{ itgsc = {Proceedings of the ITG Conference on Source and Channel Coding}}
@string{ izsdc = {Proceedings of the International Zurich Seminar on Digital Communications}}
@string{ izs = {Proceedings of the International Zurich Seminar on Broadband Communications}}
@string{ mcss = {Proceedings of the International Workshop on Multi-Carrier Spread-Spectrum}}
@string{ norsig = {Proceedings of the Nordic Signal Processing Symposium}}
@string{ nrs = {Proceedings of the Nordic Radio Symposium}}
@string{ spie = {Proceedings of the SPIE International Symposium on Optics, Imaging, and Instrumentation}}
@string{ spie2 = {Proceedings of the SPIE in Multimedia on Mobile Devices}}
@string{ turbosymb = {Proceedings of the IEEE International Symbosium on Turbo Codes}}
@string{ tyrrhenian = {Proceedings of Tyrrhenian International Workshop on Digital Communications}}
@string{ ursi = {Proceedings of the URSI/IEEE Convention on Radio Science}}
@string{ wpmc = {Proceedings of the International Symposium on Wireless Personal Multimedia Communications}}
@string{ zsem = {Proceedings of the International Zurich Seminar on Digital Communications}}
@string{ nrc = {Proceedings of the IEEE National Radar Conference}}
@string{ nrsfwcw = {Proceedings of the Nordic Signal Processing Symposium including the Finnish Wireless Communications Workshop}}
@string{ icr = {Proceedings of the CIE International Conference on Radar}}
@string{ mimocom = {IEE Seminar on MIMO: Communications Systems from Concept to Implementations}}
@string{ wwrf = {Proceedings of the Wireless World Research Forum}}
@string{ pdmw = {Proceedings of the Power-Driven Microarchitecture Workshop}}
@string{ islped = {Proceedings of the International Symposium on Low Power Electronics and Design}}
